<record><leader>00000cas a2200000 a 4500</leader><controlfield tag="001">8817652</controlfield><controlfield tag="008">820929c18859999ksuwr ne      0   a0eng  </controlfield><datafield ind1=" " ind2=" " tag="010"><subfield code="a">sn 82015485 </subfield></datafield><datafield ind1=" " ind2=" " tag="040"><subfield code="a">DLC</subfield><subfield code="b">eng</subfield><subfield code="c">DLC</subfield><subfield code="d">NPT</subfield><subfield code="d">DLC</subfield><subfield code="d">OCLCF</subfield></datafield><datafield ind1=" " ind2=" " tag="012"><subfield code="l">a</subfield></datafield><datafield ind1="0" ind2=" " tag="022"><subfield code="a">2163-6877</subfield><subfield code="2">1</subfield></datafield><datafield ind1="1" ind2=" " tag="029"><subfield code="a">AU@</subfield><subfield code="b">000025831607</subfield></datafield><datafield ind1=" " ind2=" " tag="037"><subfield code="b">P.O. Box 218, WaKeeney, KS 67672</subfield></datafield><datafield ind1=" " ind2=" " tag="042"><subfield code="a">pcc</subfield><subfield code="a">nsdp</subfield></datafield><datafield ind1=" " ind2=" " tag="043"><subfield code="a">n-us-ks</subfield></datafield><datafield ind1="0" ind2="0" tag="050"><subfield code="a">Newspaper</subfield></datafield><datafield ind1="1" ind2="0" tag="082"><subfield code="a">070</subfield><subfield code="2">14</subfield></datafield><datafield ind1=" " ind2="0" tag="222"><subfield code="a">Western Kansas world</subfield></datafield><datafield ind1="0" ind2="0" tag="245"><subfield code="a">Western Kansas world.</subfield></datafield><datafield ind1=" " ind2=" " tag="260"><subfield code="a">WaKeeney, Kan. :</subfield><subfield code="b">W.S. Tilton,</subfield><subfield code="c">1885-</subfield></datafield><datafield ind1=" " ind2=" " tag="300"><subfield code="a">v. :</subfield><subfield code="b">ill. ;</subfield><subfield code="c">55-61 cm.</subfield></datafield><datafield ind1=" " ind2=" " tag="310"><subfield code="a">Weekly</subfield></datafield><datafield ind1="0" ind2=" " tag="362"><subfield code="a">7th year, no. 4 (Mar. 21, 1885)-</subfield></datafield><datafield ind1=" " ind2=" " tag="500"><subfield code="a">Mar. 4, 1954 called also 75th anniversary ed.</subfield></datafield><datafield ind1=" " ind2=" " tag="500"><subfield code="a">Publisher varies.</subfield></datafield><datafield ind1=" " ind2=" " tag="500"><subfield code="a">"Independent."</subfield></datafield><datafield ind1=" " ind2=" " tag="530"><subfield code="a">Archived issues are available in digital format as part of the Library of Congress Chronicling America online collection.</subfield></datafield><datafield ind1=" " ind2="0" tag="651"><subfield code="a">WaKeeney (Kan.)</subfield><subfield code="v">Newspapers.</subfield></datafield><datafield ind1=" " ind2="7" tag="655"><subfield code="a">Newspapers.</subfield><subfield code="2">fast</subfield><subfield code="0">(OCoLC)fst01423814</subfield></datafield><datafield ind1=" " ind2="7" tag="651"><subfield code="a">Kansas</subfield><subfield code="z">WaKeeney.</subfield><subfield code="2">fast</subfield><subfield code="0">(OCoLC)fst01220933</subfield></datafield><datafield ind1=" " ind2=" " tag="752"><subfield code="a">United States</subfield><subfield code="b">Kansas</subfield><subfield code="c">Trego</subfield><subfield code="d">WaKeeney.</subfield></datafield><datafield ind1="0" ind2="0" tag="780"><subfield code="t">Wa-Keeney weekly world</subfield><subfield code="w">(DLC)sn 85032606</subfield><subfield code="w">(OCoLC)12726889</subfield></datafield><datafield ind1="0" ind2="5" tag="780"><subfield code="t">Trego County republican</subfield><subfield code="w">(DLC)sn 85032607</subfield><subfield code="w">(OCoLC)12726813</subfield></datafield><datafield ind1="0" ind2="5" tag="780"><subfield code="t">Collyer advance</subfield><subfield code="w">(DLC)sn 85032593</subfield><subfield code="w">(OCoLC)12726615</subfield></datafield><datafield ind1="4" ind2="1" tag="856"><subfield code="u">http://www.loc.gov/chroniclingamerica/lccn/sn82015485/issues</subfield></datafield></record>